<?xml version="1.0" encoding="UTF-8"?><collection xmlns="http://www.loc.gov/MARC21/slim"><record><leader>00386nam--2200145-i-4500</leader><controlfield tag="001">000044632</controlfield><controlfield tag="002">20161230</controlfield><controlfield tag="005">20161230201044</controlfield><controlfield tag="008">060222s1000------------r-----000-0-eng-d</controlfield><datafield ind1=" " ind2=" " tag="080"><subfield code="a">681.3</subfield></datafield><datafield ind1=" " ind2=" " tag="100"><subfield code="a">Thilliez, J</subfield></datafield><datafield ind1=" " ind2=" " tag="245"><subfield code="a">La commande numerique des machines. preface de p.bezier</subfield></datafield><datafield ind1=" " ind2=" " tag="260"><subfield code="a">Paris, Dunod, 1967, Xvii+283p</subfield></datafield><datafield ind1=" " ind2=" " tag="490"><subfield code="a">Bibliotheque De L`Automaticien</subfield></datafield><datafield ind1=" " ind2=" " tag="852"><subfield code="a">22350</subfield></datafield></record></collection>